@article{bromley1993siamesesignature,
  title={Signature verification usisng a “Siamese” time delay neural network},
  author={Bromley, Jane and Bentz, James W and Bottou, L{\'e}on and Guyon, Isabelle and LeCun, Yann and Moore, Cliff and S{\"a}ckinger, Eduard and Shah, Roopak},
  journal={International Journal of Pattern Recognition and Artificial Intelligence},
  volume={7},
  number={04},
  pages={669--688},
  year={1993},
  publisher={World Scientific}
}

@article{typescript-compiler-api,
  author={TypeScript Compiler API},
  journal={https://github.com/microsoft/TypeScript/wiki/Using-the-Compiler-API},
}