@misc{github-statistics,
  key          = {Github Statistics},
  optauthor    = {},
  title        = {Github Statistics},
  howpublished = {\url{https://madnight.github.io/githut}},
  optmonth     = {},
  optyear      = {},
  optnote      = {},
  optannote    = {}
}

@misc{typescript,
  key          = {TypeScript},
  optauthor    = {},
  title        = {TypeScript Language Specification},
  howpublished = {\url{https://github.com/Microsoft/TypeScript/blob/master/doc/spec.md}},
  optmonth     = {},
  optyear      = {},
  optnote      = {},
  optannote    = {}
}

@misc{typescript-namespaces,
  key          = {TypeScript Namespaces},
  optauthor    = {},
  title        = {TypeScript Language Namespaces},
  howpublished = {\url{https://www.typescriptlang.org/docs/handbook/namespaces.html}},
  optmonth     = {},
  optyear      = {},
  optnote      = {},
  optannote    = {}
}

@misc{definitely-typed-repository,
  key         = {DefinitelyTyped},
  title        = {DefinitelyTyped},
  howpublished = {\url{http://definitelytyped.org/}}
}

@misc{dts-gen,
  key = {dts-gen},
  title        = {dts-gen: A TypeScript Definition File Generator},
  howpublished = {\url{https://github.com/microsoft/dts-gen}}
}

@inproceedings{DBLP:conf/icse/GaoBB17,
  author    = {Zheng Gao and
               Christian Bird and
               Earl T. Barr},
  title     = {To Type or not to Type: Quantifying Detectable Bugs in {JavaScript}},
  booktitle = {Proceedings of the 39th International Conference on Software Engineering,
               {ICSE} 2017},
  xtra = {May 20-28, 2017},
  address   = {Buenos Aires, Argentina},
  month = may,
  pages     = {758--769},
  year      = {2017},
  crossref  = {DBLP:conf/icse/2017},
  url       = {https://doi.org/10.1109/ICSE.2017.75},
  doi       = {10.1109/ICSE.2017.75},
  timestamp = {Fri, 02 Nov 2018 09:43:01 +0100},
  biburl    = {https://dblp.org/rec/bib/conf/icse/GaoBB17},
  bibsource = {dblp computer science bibliography, https://dblp.org}
}

@proceedings{DBLP:conf/icse/2017,
  editor    = {Sebasti{\'{a}}n Uchitel and
               Alessandro Orso and
               Martin P. Robillard},
  title     = {Proceedings of the 39th International Conference on Software Engineering,
               {ICSE} 2017, Buenos Aires, Argentina, May 20-28, 2017},
  publisher = {{IEEE} / {ACM}},
  year      = {2017},
  url       = {http://dl.acm.org/citation.cfm?id=3097368},
  isbn      = {978-1-5386-3868-2},
  timestamp = {Mon, 22 May 2017 14:16:54 +0200},
  biburl    = {https://dblp.org/rec/bib/conf/icse/2017},
  bibsource = {dblp computer science bibliography, https://dblp.org}
}

@inproceedings{DBLP:conf/oopsla/FeldthausM14,
  author    = {Asger Feldthaus and
               Anders M{\o}ller},
  title     = {Checking Correctness of {TypeScript} Interfaces for {JavaScript} Libraries},
  booktitle = {Proceedings of the 2014 {ACM} International Conference on Object Oriented
               Programming Systems Languages {\&} Applications, {OOPSLA} 2014},
  xtra = { part of {SPLASH} 2014, , October 20-24, 2014},
  month = oct,
  address   = {Portland, OR, USA},
  pages     = {1--16},
  year      = {2014},
  crossref  = {DBLP:conf/oopsla/2014},
  url       = {https://doi.org/10.1145/2660193.2660215},
  doi       = {10.1145/2660193.2660215},
  timestamp = {Tue, 06 Nov 2018 16:57:15 +0100},
  biburl    = {https://dblp.org/rec/bib/conf/oopsla/FeldthausM14},
  bibsource = {dblp computer science bibliography, https://dblp.org}
}

@proceedings{DBLP:conf/oopsla/2014,
  editor    = {Andrew P. Black and
               Todd D. Millstein},
  title     = {Proceedings of the 2014 {ACM} International Conference on Object Oriented
               Programming Systems Languages {\&} Applications, {OOPSLA} 2014,
               part of {SPLASH} 2014, Portland, OR, USA, October 20-24, 2014},
  publisher = {{ACM}},
  year      = {2014},
  url       = {http://dl.acm.org/citation.cfm?id=2660193},
  isbn      = {978-1-4503-2585-1},
  timestamp = {Thu, 16 Oct 2014 09:05:18 +0200},
  biburl    = {https://dblp.org/rec/bib/conf/oopsla/2014},
  bibsource = {dblp computer science bibliography, https://dblp.org}
}

@inproceedings{DBLP:conf/fase/KristensenM17,
  author    = {Erik Krogh Kristensen and
               Anders M{\o}ller},
  title     = {Inference and Evolution of {TypeScript} Declaration Files},
  booktitle = {Fundamental Approaches to Software Engineering - 20th International
               Conference, {FASE} 2017},
  xtra = {Held as Part of the European Joint Conferences
               on Theory and Practice of Software, {ETAPS} 2017, ,
               April 22-29, 2017, Proceedings},
  address = {Uppsala, Sweden},
  month = apr,
  pages     = {99--115},
  year      = {2017},
  crossref  = {DBLP:conf/fase/2017},
  url       = {https://doi.org/10.1007/978-3-662-54494-5\_6},
  doi       = {10.1007/978-3-662-54494-5\_6},
  timestamp = {Tue, 14 May 2019 10:00:54 +0200},
  biburl    = {https://dblp.org/rec/bib/conf/fase/KristensenM17},
  bibsource = {dblp computer science bibliography, https://dblp.org}
}

@proceedings{DBLP:conf/fase/2017,
  editor    = {Marieke Huisman and
               Julia Rubin},
  title     = {Fundamental Approaches to Software Engineering - 20th International
               Conference, {FASE} 2017, Held as Part of the European Joint Conferences
               on Theory and Practice of Software, {ETAPS} 2017, Uppsala, Sweden,
               April 22-29, 2017, Proceedings},
  series    = {Lecture Notes in Computer Science},
  volume    = {10202},
  publisher = {Springer},
  year      = {2017},
  url       = {https://doi.org/10.1007/978-3-662-54494-5},
  doi       = {10.1007/978-3-662-54494-5},
  isbn      = {978-3-662-54493-8},
  timestamp = {Tue, 14 May 2019 10:00:54 +0200},
  biburl    = {https://dblp.org/rec/bib/conf/fase/2017},
  bibsource = {dblp computer science bibliography, https://dblp.org}
}

@article{DBLP:journals/pacmpl/KristensenM17,
  author    = {Erik Krogh Kristensen and
               Anders M{\o}ller},
  title     = {Type Test Scripts for {TypeScript} Testing},
  journal   = {{PACMPL}},
  volume    = {1},
  number    = {{OOPSLA}},
  pages     = {90:1--90:25},
  year      = {2017},
  url       = {https://doi.org/10.1145/3133914},
  doi       = {10.1145/3133914},
  timestamp = {Tue, 06 Nov 2018 12:51:05 +0100},
  biburl    = {https://dblp.org/rec/bib/journals/pacmpl/KristensenM17},
  bibsource = {dblp computer science bibliography, https://dblp.org}
}

@inproceedings{DBLP:conf/sigsoft/SenKBG13,
  author    = {Koushik Sen and
               Swaroop Kalasapur and
               Tasneem G. Brutch and
               Simon Gibbs},
  title     = {{Jalangi}: A Selective Record-Replay and Dynamic Analysis Framework
               for {JavaScript}},
  booktitle = {Joint Meeting of the European Software Engineering Conference and
               the {ACM} {SIGSOFT} Symposium on the Foundations of Software Engineering,
               ESEC/FSE'13},
  xtra = {August 18-26, 2013},
  address   = {Saint Petersburg, Russian Federation},
  month = aug,
  pages     = {488--498},
  year      = {2013},
  crossref  = {DBLP:conf/sigsoft/2013},
  url       = {https://doi.org/10.1145/2491411.2491447},
  doi       = {10.1145/2491411.2491447},
  timestamp = {Tue, 06 Nov 2018 16:59:22 +0100},
  biburl    = {https://dblp.org/rec/bib/conf/sigsoft/SenKBG13},
  bibsource = {dblp computer science bibliography, https://dblp.org}
}

@inproceedings{DBLP:conf/sigsoft/SenKBG13a,
  author    = {Koushik Sen and
               Swaroop Kalasapur and
               Tasneem G. Brutch and
               Simon Gibbs},
  title     = {{Jalangi}: A Tool Framework for Concolic Testing, Selective Record-Replay,
               and Dynamic Analysis of {JavaScript}},
  booktitle = {Joint Meeting of the European Software Engineering Conference and
               the {ACM} {SIGSOFT} Symposium on the Foundations of Software Engineering,
               ESEC/FSE'13, Saint Petersburg, Russian Federation, August 18-26, 2013},
  pages     = {615--618},
  year      = {2013},
  crossref  = {DBLP:conf/sigsoft/2013},
  url       = {https://doi.org/10.1145/2491411.2494598},
  doi       = {10.1145/2491411.2494598},
  timestamp = {Tue, 06 Nov 2018 16:59:22 +0100},
  biburl    = {https://dblp.org/rec/bib/conf/sigsoft/SenKBG13a},
  bibsource = {dblp computer science bibliography, https://dblp.org}
}

@proceedings{DBLP:conf/sigsoft/2013,
  editor    = {Bertrand Meyer and
               Luciano Baresi and
               Mira Mezini},
  title     = {Joint Meeting of the European Software Engineering Conference and
               the {ACM} {SIGSOFT} Symposium on the Foundations of Software Engineering,
               ESEC/FSE'13, Saint Petersburg, Russian Federation, August 18-26, 2013},
  publisher = {{ACM}},
  year      = {2013},
  url       = {http://dl.acm.org/citation.cfm?id=2491411},
  isbn      = {978-1-4503-2237-9},
  timestamp = {Mon, 30 Oct 2017 11:35:10 +0100},
  biburl    = {https://dblp.org/rec/bib/conf/sigsoft/2013},
  bibsource = {dblp computer science bibliography, https://dblp.org}
}

@misc{typescript-compiler-api,
  key        = {TypeScript Compiler API},
  title        = {TypeScript Compiler API},
  howpublished = {\url{https://github.com/microsoft/TypeScript/wiki/Using-the-Compiler-API}}
}

@inproceedings{DBLP:conf/sas/JensenMT09,
  author    = {Simon Holm Jensen and
               Anders M{\o}ller and
               Peter Thiemann},
  editor    = {Jens Palsberg and
               Zhendong Su},
  title     = {Type Analysis for JavaScript},
  booktitle = {Static Analysis, 16th International Symposium, {SAS} 2009, Los Angeles,
               CA, USA, August 9-11, 2009. Proceedings},
  series    = {Lecture Notes in Computer Science},
  volume    = {5673},
  pages     = {238--255},
  publisher = {Springer},
  year      = {2009},
  url       = {https://doi.org/10.1007/978-3-642-03237-0\_17},
  doi       = {10.1007/978-3-642-03237-0\_17},
  timestamp = {Mon, 23 Mar 2020 12:22:51 +0100},
  biburl    = {https://dblp.org/rec/conf/sas/JensenMT09.bib},
  bibsource = {dblp computer science bibliography, https://dblp.org}
}
@inproceedings{DBLP:conf/ecoop/AndreasenGCSTS16,
  author    = {Esben Andreasen and
               Colin S. Gordon and
               Satish Chandra and
               Manu Sridharan and
               Frank Tip and
               Koushik Sen},
  editor    = {Shriram Krishnamurthi and
               Benjamin S. Lerner},
  title     = {Trace Typing: An Approach for Evaluating Retrofitted Type Systems},
  booktitle = {30th European Conference on Object-Oriented Programming, {ECOOP} 2016},
  month     = jul,
  xtra      = {July 18-22},
  address   = {Rome, Italy},
  series    = {LIPIcs},
  volume    = {56},
  pages     = {1:1--1:26},
  publisher = {Schloss Dagstuhl - Leibniz-Zentrum f{\"{u}}r Informatik},
  year      = {2016},
  url       = {https://doi.org/10.4230/LIPIcs.ECOOP.2016.1},
  doi       = {10.4230/LIPIcs.ECOOP.2016.1},
  timestamp = {Sun, 25 Oct 2020 22:50:36 +0100},
  biburl    = {https://dblp.org/rec/conf/ecoop/AndreasenGCSTS16.bib},
  bibsource = {dblp computer science bibliography, https://dblp.org}
}
@inproceedings{DBLP:conf/pldi/RenF16,
  author    = {Brianna M. Ren and
               Jeffrey S. Foster},
  editor    = {Chandra Krintz and
               Emery Berger},
  title     = {Just-in-time Static Type Checking for Dynamic Languages},
  booktitle = {Proceedings of the 37th {ACM} {SIGPLAN} Conference on Programming
               Language Design and Implementation, {PLDI} 2016},
  xtra      = {June 13-17},
  address   = {Santa Barbara, CA, USA},
  month     = jun,
  pages     = {462--476},
  publisher = {{ACM}},
  year      = 2016,
  url       = {https://doi.org/10.1145/2908080.2908127},
  doi       = {10.1145/2908080.2908127},
  timestamp = {Tue, 06 Nov 2018 16:59:30 +0100},
  biburl    = {https://dblp.org/rec/conf/pldi/RenF16.bib},
  bibsource = {dblp computer science bibliography, https://dblp.org}
}
@inproceedings{DBLP:conf/popl/AnCFH11,
  author    = {Jong{-}hoon (David) An and
               Avik Chaudhuri and
               Jeffrey S. Foster and
               Michael Hicks},
  editor    = {Thomas Ball and
               Mooly Sagiv},
  title     = {Dynamic Inference of Static Types for {Ruby}},
  booktitle = {Proceedings of the 38th {ACM} {SIGPLAN-SIGACT} Symposium on Principles
               of Programming Languages, {POPL} 2011},
  xtra      = {January 26-28, 2011},
  month     = jan,
  address   = {Austin, TX, USA},
  pages     = {459--472},
  publisher = {{ACM}},
  year      = {2011},
  url       = {https://doi.org/10.1145/1926385.1926437},
  doi       = {10.1145/1926385.1926437},
  timestamp = {Tue, 06 Nov 2018 11:07:43 +0100},
  biburl    = {https://dblp.org/rec/conf/popl/AnCFH11.bib},
  bibsource = {dblp computer science bibliography, https://dblp.org}
}
@inproceedings{DBLP:conf/sfp/NausT16,
  author    = {Nico Naus and
               Peter Thiemann},
  editor    = {David Van Horn and
               John Hughes},
  title     = {Dynamic Flow Analysis for {JavaScript}},
  booktitle = {Trends in Functional Programming - 17th International Conference,
               {TFP} 2016},
  xtra      = {June 8-10, 2016, Revised Selected Papers},
  month     = jun,
  address   = {College Park, MD, USA},
  series    = {Lecture Notes in Computer Science},
  volume    = {10447},
  pages     = {75--93},
  publisher = {Springer},
  year      = {2016},
  url       = {https://doi.org/10.1007/978-3-030-14805-8\_5},
  doi       = {10.1007/978-3-030-14805-8\_5},
  timestamp = {Sat, 05 Sep 2020 18:03:03 +0200},
  biburl    = {https://dblp.org/rec/conf/sfp/NausT16.bib},
  bibsource = {dblp computer science bibliography, https://dblp.org}
}
@unpublished{saftoiu21:_jstrac,
  author = {Claudiu Saftoiu},
  title  = {{JSTrace}: Run-Time Type Discovery for {JavaScript}},
  url    = {http://cs.brown.edu/research/plt/dl/flowtyping/v1/saftoiu-typediscovery-thesis.pdf},
  note   = {Thesis},
  month  = {may},
  year   = 2021
}

